@inproceedings{Letham:2016,
 author = {Letham, Benjamin and Letham, Lydia M. and Rudin, Cynthia},
 title = {Bayesian Inference of Arrival Rate and Substitution Behavior from Sales Transaction Data with Stockouts},
 booktitle = {Proceedings of the 22Nd ACM SIGKDD International Conference on Knowledge Discovery and Data Mining},
 series = {KDD '16},
 year = {2016},
 isbn = {978-1-4503-4232-2},
 location = {San Francisco, California, USA},
 pages = {1695--1704},
 numpages = {10},
 url = {http://doi.acm.org/10.1145/2939672.2939810},
 doi = {10.1145/2939672.2939810},
 acmid = {2939810},
 publisher = {ACM},
 address = {New York, NY, USA},
 keywords = {bayesian analysis, langevin dynamics, markov chain monte carlo, sales transaction data},
} 


@article{Karabati2009,
author = { Selçuk   Karabati  and  Bariş   Tan  and  Ömer   Cem   Öztürk },
title = {A method for estimating stock-out-based substitution rates by using point-of-sale data},
journal = {IIE Transactions},
volume = {41},
number = {5},
pages = {408-420},
year = {2009},
doi = {10.1080/07408170802512578},
URL = { http://dx.doi.org/10.1080/07408170802512578},
eprint = { http://dx.doi.org/10.1080/07408170802512578},
}


@misc{nlopt,
    author = {Johnson, Steven G.},
    citeulike-article-id = {12908205},
    keywords = {codes},
    note = {http://ab-initio.mit.edu/nlopt},
    posted-at = {2014-01-13 16:13:49},
    priority = {0},
    title = {The {NLopt} nonlinear-optimization package}
}

